<?xml version="1.0" encoding="UTF-8"?><collection xmlns="http://www.loc.gov/MARC21/slim"><record><leader>00676nam--2200205-u-4500</leader><controlfield tag="001">000051305</controlfield><controlfield tag="002">20161230</controlfield><controlfield tag="005">20170303111849</controlfield><controlfield tag="008">080617s1000------------r-----000-0-eng-d</controlfield><datafield ind1=" " ind2=" " tag="040"><subfield code="a">IFIN-HH</subfield></datafield><datafield ind1=" " ind2=" " tag="080"><subfield code="a">517</subfield></datafield><datafield ind1="1" ind2=" " tag="100"><subfield code="a">Goursat, Edouard</subfield></datafield><datafield ind1="1" ind2="0" tag="245"><subfield code="a">Cours d'analyse mathematique. Tome III. Integrales infiniment voisines. Equations aux deruvees partielles du second ordre. equations integrables, calcul des variations</subfield></datafield><datafield ind1=" " ind2=" " tag="250"><subfield code="a">Cinquieme edition</subfield></datafield><datafield ind1=" " ind2=" " tag="260"><subfield code="a">Paris</subfield><subfield code="b">Gauthier-Villars</subfield><subfield code="c">1942</subfield></datafield><datafield ind1=" " ind2=" " tag="300"><subfield code="a">702 p</subfield></datafield><datafield ind1=" " ind2=" " tag="490"><subfield code="a">Cours de la Faculte des Sciences de Paris</subfield><subfield code="v">Tome III</subfield></datafield><datafield ind1="1" ind2=" " tag="700"><subfield code="a">Edouard Goursat</subfield></datafield><datafield ind1=" " ind2=" " tag="852"><subfield code="a">1662</subfield><subfield code="c">517</subfield></datafield><datafield ind1=" " ind2=" " tag="CAT"><subfield code="a">SYS</subfield><subfield code="c">20170303</subfield><subfield code="h">111849</subfield></datafield></record></collection>